<record><leader>00000cas a2200000 a 4500</leader><controlfield tag="001">37218595</controlfield><controlfield tag="008">970630d18831888miuwr n       0    0eng c</controlfield><datafield ind1=" " ind2=" " tag="010"><subfield code="a">sn 97063333 </subfield></datafield><datafield ind1=" " ind2=" " tag="040"><subfield code="a">MHN</subfield><subfield code="b">eng</subfield><subfield code="c">MHN</subfield><subfield code="d">OCL</subfield><subfield code="d">OCLCQ</subfield><subfield code="d">OCLCF</subfield><subfield code="d">OCLCO</subfield></datafield><datafield ind1="1" ind2=" " tag="029"><subfield code="a">AU@</subfield><subfield code="b">000013335417</subfield></datafield><datafield ind1=" " ind2=" " tag="042"><subfield code="a">pcc</subfield></datafield><datafield ind1=" " ind2=" " tag="043"><subfield code="a">n-us-mi</subfield></datafield><datafield ind1="0" ind2="0" tag="245"><subfield code="a">Allegan journal and tribune.</subfield></datafield><datafield ind1="1" ind2="3" tag="246"><subfield code="a">Journal and tribune</subfield></datafield><datafield ind1=" " ind2=" " tag="260"><subfield code="a">Allegan, Mich. :</subfield><subfield code="b">D.C. Henderson &amp; Co.</subfield></datafield><datafield ind1=" " ind2=" " tag="300"><subfield code="a">v.</subfield></datafield><datafield ind1=" " ind2=" " tag="310"><subfield code="a">Weekly</subfield></datafield><datafield ind1="0" ind2=" " tag="362"><subfield code="a">Vol. 27, no. 44 (Jan. 6, 1883)-July 27, 1888.</subfield></datafield><datafield ind1=" " ind2=" " tag="515"><subfield code="a">Volume numbering dropped: Mar. 11, 1884.</subfield></datafield><datafield ind1=" " ind2=" " tag="580"><subfield code="a">Formed by the union of: Allegan journal (Allegan, Mich. : 1856), and: Tribune (Allegan, Mich.) &lt;title uncertain&gt;.</subfield></datafield><datafield ind1=" " ind2="0" tag="651"><subfield code="a">Allegan (Mich.)</subfield><subfield code="v">Newspapers.</subfield></datafield><datafield ind1=" " ind2="0" tag="651"><subfield code="a">Allegan County (Mich.)</subfield><subfield code="v">Newspapers.</subfield></datafield><datafield ind1=" " ind2="7" tag="655"><subfield code="a">Newspapers.</subfield><subfield code="2">fast</subfield><subfield code="0">(OCoLC)fst01423814</subfield></datafield><datafield ind1=" " ind2="7" tag="651"><subfield code="a">Michigan</subfield><subfield code="z">Allegan.</subfield><subfield code="2">fast</subfield><subfield code="0">(OCoLC)fst01219726</subfield></datafield><datafield ind1=" " ind2="7" tag="651"><subfield code="a">Michigan</subfield><subfield code="z">Allegan County.</subfield><subfield code="2">fast</subfield><subfield code="0">(OCoLC)fst01213215</subfield></datafield><datafield ind1=" " ind2=" " tag="752"><subfield code="a">United States</subfield><subfield code="b">Michigan</subfield><subfield code="c">Allegan</subfield><subfield code="d">Allegan.</subfield></datafield><datafield ind1="1" ind2="4" tag="780"><subfield code="t">Allegan journal (Allegan, Mich. : 1856)</subfield><subfield code="w">(DCLC)sn 85033548</subfield><subfield code="w">(OCoLC)12043080</subfield></datafield><datafield ind1="1" ind2="4" tag="780"><subfield code="t">Tribune (Allegan, Mich.)</subfield></datafield><datafield ind1="0" ind2="0" tag="785"><subfield code="t">Allegan journal (Allegan, Mich. : 1888)</subfield><subfield code="w">(DCLC)sn 97063367</subfield><subfield code="w">(OCoLC)37218680</subfield></datafield></record>